@misc{Henry.2005,
 author = {{Shawn Lawton Henry}},
 year = {2005},
 title = {{E}ssential Components of Web Accessibility},
 url = {http://www.w3.org/WAI/intro/components.php},
 publisher = {W3C}
}

@misc{Cooney.2013,
 author = {{Dominic Cooney, Dimitri Glazkov}},
 year = {2013},
 title = {{I}ntroduction to Web Components},
 url = {http://www.w3.org/TR/components-intro/},
 publisher = {W3C}
}



@book{Szyperski.2002,
 author = {Szyperski, Clemens and Gruntz, Dominik and Murer, Stephan},
 year = {2002},
 title = {Component software: Beyond object-oriented programming},
 url = {http://www.sei.cmu.edu/productlines/frame_report/comp_dev.htm},
 address = {New York and London},
 edition = {2nd ed},
 publisher = {ACM and Addison-Wesley},
 isbn = {0201745720}
}

@book{Andresen.2003,
 author = {Andresen, Andreas},
 year = {2003},
 title = {Komponentenbasierte Softwareentwicklung: Mit MDA, UML und XML},
 address = {M{\"u}nchen and Wien},
 publisher = {Hanser},
 isbn = {3446222820}
}

@book{Manning.2014,
 author={Buckett, Chris},
 year = {2014},
 title = {Web Components in Action},
 publisher = {Manning Pubns Co},
 isbn = {9781617291944}
}

@misc{Bidelman.2013,
 author = {{Eric Bidelman}},
 year = {18.5.2013},
 title = {Web Components},
 publisher = {Google},
 url = {http://www.youtube.com/watch?v=fqULJBBEVQE}
}

@book{Cai.2000,
 author = {{Xia Cai}},
 year = {2000},
 title = {Software Engineering Conference, 2000. APSEC 2000. Proceedings. Seventh Asia-Pacific},
 isbn = {0-7695-0915-0},
 publisher = {IEEE}
}


@book{Grunske.2010,
 abstract = {Annotation},
 author = {Grunske, Lars and Reussner, Ralf and Pl{\'a}{\v{s}}il, Franti{\v{s}}ek},
 year = {2010},
 title = {Component-based software engineering: 13th international symposium, CBSE 2010, Prague, Czech Republic, June 23-25, 2010 ; proceedings},
 address = {Berlin},
 volume = {6092},
 publisher = {Springer},
 isbn = {978-3-642-13237-7},
 series = {LNCS sublibrary. SL 2, Programming and software engineering}
}


@article{Pfeiffer.2007,
 author = {Pfeiffer, Daniel and Winkelmann, Axel},
 year = {2007},
 title = {Ans{\"a}tze zur Wiederverwendung von Software im Rahmen der Software-industrialisierung am Beispiel von Softwarekomponenten, service-orientierten Architekturen und modellgetriebenen Architekturen},
 pages = {208--216},
 volume = {49},
 number = {3},
 issn = {0937-6429},
 journal = {Wirtschaftsinformatik},
 doi = {10.1007/s11576-007-0051-4}
}

@book{Brajnik.2013,
 author = {Brajnik, Giorgio},
 year = {2013},
 title = {Proceedings of the 10th International Cross-Disciplinary Conference on Web Accessibility},
 address = {[S.l.]},
 publisher = {ACM},
 isbn = {978-1-4503-1844-0}
}


@book{Wheeler.1985,
 author = {Wheeler, David},
 year = {1952},
 title = {The use of sub-routines in programmes},
 publisher = {ACM},
 doi = {10.1145/609784.609816}
}

@article{Melzer.2010,
 author = {Melzer, Ingo},
 year = {2010},
 title = {Service-orientierte Architekturen mit Web Services: Konzepte - Standards - Praxis},
 journal = {Service-orientierte Architekturen mit Web Services}
}

@book{Vogel.2009,
 author = {Vogel, Oliver},
 year = {2009},
 title = {Software-Architektur: Grundlagen - Konzepte - Praxis},
 address = {Heidelberg},
 edition = {2. Aufl},
 publisher = {Spektrum, Akad. Verl.},
 isbn = {9783827419330}
}

@misc{Bredemeyer.Malan.2004,
  author= {Bredemeyer, Dana and Malan, Ruth},
  title = {Software Architecture Action Guide},
  howpublished = "\url{http://www.ruthmalan.com}",
  year = {2004},
  note = "[Online, 30.03.2014]"
}

@misc{OReilly.2005,
  author= {O'Reilly, Tim},
  title = {What is Web 2.0 (Design patterns and business models für the next generation of Software)},
  howpublished = "\url{http://oreilly.com/web2/archive/what-is-web-20.html}",
  year = {2005},
  note = "[Online, 30.03.2014]"
}

@book{Shaw.1996,
 abstract = {{\dq}Software developers have often adopted specific architectural patterns for system organization - but, for the most part, informally. In this book, authors Mary Shaw and David Garlan discuss the formalization of what, until now, has been {\dq}a substantial folklore of system design, with little consistency or precision.{\dq}{\dq} {\dq}With their unique perspective on the current state of software architecture and its impact on design, the authors provide useful information for several types of readers: Professional software developers will find new ideas in the discussion and evaluation of familiar patterns. Students will find useful techniques for approaching system organization from an architectural point of view, rather than following current fads or outmoded methodology. Educators will find the book helpful as a text for a software architecture course or as a supplemental text for courses in software engineering or software design.{\dq} {\dq}This book also includes hints for choosing a suitable architecture, the use of well-understood paradigms for designing new systems, how formal notation and models can characterize system design, and the study of actual system architectures as models for new designs.{\dq}--BOOK JACKET.},
 author = {Shaw, Mary and Garlan, David},
 year = {1996},
 title = {Software architecture: Perspectives on an emerging discipline},
 address = {Upper Saddle River and N.J},
 publisher = {Prentice Hall},
 isbn = {0131829572}
}

@book{Buschmann.1996,
 abstract = {Annotation},
 author = {Buschmann, Frank},
 year = {1996},
 title = {Pattern-oriented software architecture},
 address = {Chichester and West Sussex and England and New York and NY},
 publisher = {Wiley},
 isbn = {0471958697}
}

@misc{Fowler.2005,
  author= {Fowler, Martin},
  title = {The New Methodology},
  howpublished = "\url{http://martinfowler.com/articles/newMethodology.html}",
  year = {2005},
  note = "[Online, 30.03.2014]"
}

@book{Erl.2005,
 author = {Erl, Thomas},
 year = {2005},
 title = {Service-oriented architecture: Concepts, technology, and design},
 address = {Upper Saddle River and NJ},
 publisher = {Prentice Hall Professional Technical Reference},
 isbn = {0131858580},
 series = {The Prentice Hall Service-oriented computing series from Thomas Erl}
}

@book{Sommerville.2011,
 abstract = {This book discusses a comprehensive spectrum of software engineering techniques and shows how they can be applied in practical software projects. This edition features updated chapters on critical systems, project management and software requirements.},
 author = {Sommerville, Ian},
 year = {2011},
 title = {Software engineering},
 address = {Boston},
 edition = {9th ed},
 publisher = {Pearson},
 isbn = {9780137053469}
}


@misc{Polymer,
 author = {{Dimitri Glazkov, Erik Arvidsson, Daniel Freedman, Steve Orvell, Scott J. Miles, Frankie Fu, Eric Bidelman, Shans, Rafaelw, Yvonne Yip, MattsmcNulty, Addy Osmani}},
 title = {{P}olymer Project},
 howpublished = "\url{http://www.polymer-project.org/}",
 note = "[Online, 19.04.2014]",
 publisher = {Google}
}

@misc{Dojo,
 author = {{Bryan Forbes, Christophe Jolif, Colin Snover, Dylan Schiemann, Ed Chatelain, James thomas, Kenneth G. Franqueiro, Kitson Kelly, Kris Zyp, Heng Liu, Mark Wubben, Peter Kokot, Peter E. Higgins, Patrick Ruzand, Rawld Gill, Robert Chady, Revin Guillen, Eugene Lazutkin, Bill Keese}},
 title = {{D}ojo},
 howpublished = "\url{https://github.com/dojo}",
 note = "[Online, 19.04.2014; Github-Stars: 1316]",
}

@misc{Facebook,
 author = {{Aaron Chiu, Oleksandr Kuvshynov, Alex Feinberg, Alex Himel, Ali Parr, Alok MenghrajaniAmjad Masad, Alessandro PrestaAustin Bales, Ari Chivukula, Yoann PadioleauBen Darnell, Brian AmerigeBen Hiller, Ben Newman, Benjamin GolubBoaz, Casey Muller, Claudiu Ceia, Claudiu Dan GheorgheColm Doyle, daniel corson, Daniel Lo Nigro, David Recordon, Douglas Purdy, David Reiss, Eric Caruso, Jason Fried, Gregory MoeckGrant Paul, Brandon High, James Pearcejdelong, Jeff Bowen, Jeffrey Lin, Jeffrey SpeharJordan W, Jason SundramJason Ge, John Wang, Jan Kassens, Lee Byron, Emil Palm, Niall KennedyNileema, Owen Yamauchipanjunfeng, Drew Paroski, Philip Proninpsaab, Raghu Chandrasekaranrobarnold, Isaac Salier-HellendagSameer Agarwal, Shane O'SullivanSlawek Biel, Jakub Vrána, Wai Hon Law, Will Bailey, Greg Hurrell, Yunqi Zhang, Jiajie Zhu, Zheng Shao}},
 title = {{F}acebook-{R}eact},
 howpublished = "\url{https://github.com/facebook/react}",
 note = "[Online, 19.04.2014; Github-Stars: 5698]",
}

@misc{jQuery,
 author = {{Addy Osmani, Anne-Gaelle Colom, adam j. sontag, Alexander Schmitz, aulvi, Bob Holt, Juan Pablo Buritica, Clark A, Ben Alman, Dan Heberden, Douglas Neiner, Dave Methvin, Felix Nagel, Corey Frang, Ghislain Seguin, Julian Aubourg, John Resig, Jörn Zaefferer, Kris Borchers, Timo Tijhof, Karl Swedberg, Oleg Gaidarenko, Mike Sherov, Michał Gołębiowski, Andrew Nacin, Paul Irish, David Petersen, Ralph Whitbeck, Rick Waldron, Rafael Xavier de Souza, Ryan Neufeld, Scott González, Alex Sexton, Timmy Willison, TJ VanToll, Jasper de Groot, Vlad Filippov, Yehuda Katz}},
 title = {j{Q}uery},
 howpublished = "\url{https://github.com/jquery/jquery}",
 note = "[Online, 19.04.2014; Github-Stars: 30391]",
}

@misc{jQueryUI,
 author = {{Addy Osmani, Anne-Gaelle Colom, adam j. sontag, Alexander Schmitz, aulvi, Bob Holt, Juan Pablo Buritica, Clark A, Ben Alman, Dan Heberden, Douglas Neiner, Dave Methvin, Felix Nagel, Corey Frang, Ghislain Seguin, Julian Aubourg, John Resig, Jörn Zaefferer, Kris Borchers, Timo Tijhof, Karl Swedberg, Oleg Gaidarenko, Mike Sherov, Michał Gołębiowski, Andrew Nacin, Paul Irish, David Petersen, Ralph Whitbeck, Rick Waldron, Rafael Xavier de Souza, Ryan Neufeld, Scott González, Alex Sexton, Timmy Willison, TJ VanToll, Jasper de Groot, Vlad Filippov, Yehuda Katz}},
 title = {j{Q}uery UI},
 howpublished = "\url{https://github.com/jquery/jquery-ui}",
 note = "[Online, 19.04.2014; Github-Stars: 8266]",
}

@misc{AngularJS,
 author = {{Ashley Williams, Brad Green, Brian Ford, Caitlin Potter, Chirayu Krishnappa, Paul Rohde, David Nelson, Rob Eisenberg, Merrick Christensen, Igor Minar, James deBoer, Jeff Cross, Julie Ralph, Lefteris Paraskevas, Lin Clark, Marko Vuksanovic, Matias Niemelä, Miško Hevery, Michał Gołębiowski, Pascal Precht, Pavel Jbanov, Pete Bacon Darwin, Pawel Kozlowski, Tobias Bosch, Victor Berchet, Vojta Jina}},
 title = {{A}ngular JS},
 howpublished = "\url{https://github.com/angular/angular.js}",
 note = "[Online, 19.04.2014; Github-Stars: 22891]",
}

@misc{BidelmanTemplate.2013,
  author= {Eric Bidelman},
  title = {HTML's new Template Tag},
  howpublished = "\url{http://www.html5rocks.com/en/tutorials/webcomponents/template}",
  year = {December 2013},
  publisher = {HTML5rocks},
  note = "[Online, 12.04.2014]"
}

@misc{BidelmanImports.2013,
  author= {Eric Bidelman},
  title = {HTML Imports - \#include for the Web},
  howpublished = "\url{http://www.html5rocks.com/en/tutorials/webcomponents/imports/}",
  year = {December 2013},
  publisher = {HTML5rocks},
  note = "[Online, 12.04.2014]"
}

@misc{BidelmanCustomElements.2013,
  author= {Eric Bidelman},
  title = {Custom Elements},
  howpublished = "\url{http://www.html5rocks.com/en/tutorials/webcomponents/customelements/}",
  year = {December 2013},
  publisher = {HTML5rocks},
  note = "[Online, 12.04.2014]"
}

@misc{Cooney.2013,
  author= {Dominic Cooney},
  title = {Shadow DOM 101},
  howpublished = "\url{http://www.html5rocks.com/en/tutorials/webcomponents/shadowdom}",
  year = {December 2013},
  publisher = {HTML5rocks},
  note = "[Online, 12.04.2014]"
}

@misc{PreventDefault.2013,
  title = {Decorators - NextGen Markup pt.2},
  howpublished = "\url{http://www.prevent-default.com/decorators-nextgen-markup-pt-2/}",
  year = {April 2013},
  note = "[Online, 12.04.2014]"
}

@misc{Glakov.2013,
  author= {Glazkov, Dimitri},
  title = {Custom Elements},
  howpublished = "\url{http://www.w3.org/TR/2013/WD-custom-elements-20131024/}",
  year = {October 2013},
  note = "[Online, 20.04.2014]"
}

@misc{Weinstein.2013,
  author= {Dimitri Glazkov, Rafael Weinstein, Tony Ross},
  title = {HTML Templates},
  howpublished = "\url{http://www.w3.org/TR/2013/WD-html-templates-20130214/}",
  year = {February 2013},
  note = "[Online, 12.04.2014]"
}

@misc{CooneyGlazkov.2013,
  author= {Dimitri Glazkov and Dominic Cooney},
  title = {Inroduction to Web Components},
  howpublished = "\url{http://www.w3.org/TR/components-intro/\#decorator-section}",
  year = {June 2013},
  note = "[Online, 20.04.2014]"
}

@misc{GlazkovShadowDOM.2013,
  author= {Dimitri Glazkov},
  title = {Shadow DOM},
  howpublished = "\url{http://www.w3.org/TR/2013/WD-shadow-dom-20130514/}",
  year = {May 2013},
  note = "[Online, 20.04.2014]"
}

@misc{GlazkovMorrita.2013,
  author= {Dimitri Glazkov and Hajime Morrita},
  title = {HTML Imports},
  howpublished = "\url{http://www.w3.org/TR/2014/WD-html-imports-20140311/}",
  year = {March 2014},
  note = "[Online, 20.04.2014]"
}




